@book{Johnstone:14,
  title =        {Topos Theory},
  author =       {Johnstone, P.T.},
  year =         2014,
}

@book{MacLane:92,
  title =        {Sheaves in Geometry and Logic: A First Introduction
                  to Topos Theory},
  author =       {MacLane, S. and Moerdijk, I.},
  year =         1994,
}

@book{MacLane:98,
  title =        {Categories for the Working Mathematician},
  author =       {Mac Lane, Saunders},
  year =         1998,
}
